
@online{harris_svelte_2019,
	title = {Svelte 3: Rethinking reactivity},
	url = {https://svelte.dev/blog/svelte-3-rethinking-reactivity},
	shorttitle = {Svelte 3},
	abstract = {It's finally here},
	author = {Harris, Rich},
	urldate = {2024-05-27},
	date = {2019-04-22},
	langid = {english}
}

@online{krill_slim_2016,
	title = {Slim, speedy Svelte framework puts {JavaScript} on a diet {\textbar} {InfoWorld}},
	url = {https://www.infoworld.com/article/3146966/slim-speedy-svelte-framework-puts-javascript-on-a-diet.html},
	titleaddon = {Slim, speedy Svelte framework puts {JavaScript} on a diet},
	author = {Krill, Paul},
	urldate = {2024-05-27},
	date = {2016-12-02}
}

@online{harris_write_2019,
	title = {Write less code},
	url = {https://svelte.dev/blog/write-less-code},
	abstract = {The most important metric you're not paying attention to},
	author = {Harris, Rich},
	urldate = {2024-05-27},
	date = {2019-04-20},
	langid = {english}
}


@online{1edtech,
  author = {{1EdTech}},
	title = {Learning Tools Interoperability {\textbar} 1EdTech},
	url = {https://www.1edtech.org/standards/lti#TechOverview},
	urldate = {2024-05-27}
}

@online{Parser-2024-04-12,
  author  = {Light},
  title   = {Parser Generator Web Tools},
  url     = {https://light0x00.github.io/parser-generator/},
  urldate = {2024-05-02}
}

@online{LALR,
  author  = {Apou, Gregory},
  title   = {LALR(1) Parser Generator},
  urldate = {2024-04-12},
  url     = {https://jsmachines.sourceforge.net/machines/lalr1.html}
}

@online{LR-2024-04-12,
  author  = {Apou, Gregory},
  title   = {{LR}(1) Parser Generator},
  url     = {https://jsmachines.sourceforge.net/machines/lr1.html},
  urldate = {2024-05-02}
}

@online{jflap,
  author   = {Rodger, Susan H and {Duke University}},
  title    = {JFLAP},
  url      = {www.jflap.org},
  urldate  = {2024-05-02},
  date     = {2018-07-27}
}

@inproceedings{shevtsiv2021cross,
  title        = {Cross platform development vs native development},
  author       = {Shevtsiv, Nikita A and Striuk, Andrii M},
  year         = {2021},
  organization = {CEUR Workshop Proceedings}
}

@online{pavt,
  author   = {Sangal, Somya and Kataria, Shreya and Tyagi, Twishi},
  title    = {PAVT},
  url      = {https://sourceforge.net/projects/pavt/},
  urldate  = {2024-05-02},
  date     = {2017-02-09}
}

@book{rodger2006jflap,
  title     = {JFLAP: an interactive formal languages and automata package},
  author    = {Rodger, Susan H and Finley, Thomas W},
  year      = {2006},
  publisher = {Jones \& Bartlett Learning}
}

@book{mogensen2024introduction,
  title     = {Introduction to compiler design},
  author    = {Mogensen, Torben {\AE}gidius},
  year      = {2024},
  publisher = {Springer Nature}
}

@book{thain2020introduction,
  title     = {Introduction to Compilers and Language Design: Second Edition},
  author    = {Thain, D.},
  year      = {2020},
  publisher = {Amazon Digital Services LLC - Kdp}
}


@book{cooper2022engineering,
  title     = {Engineering a Compiler},
  author    = {Cooper, K.D. and Torczon, L.},
  year      = {2022},
  publisher = {Elsevier Science}
}

@article{debray2002making,
  title     = {Making compiler design relevant for students who will (most likely) never design a compiler},
  author    = {Debray, Saumya},
  journal   = {ACM SIGCSE Bulletin},
  volume    = {34},
  number    = {1},
  pages     = {341--345},
  year      = {2002},
  publisher = {ACM New York, NY, USA}
}

@article{sangal2018pavt,
  title     = {PAVT: a tool to visualize and teach parsing algorithms},
  author    = {Sangal, Somya and Kataria, Shreya and Tyagi, Twishi and Gupta, Nidhi and Kirtani, Yukti and Agrawal, Shivli and Chakraborty, Pinaki},
  journal   = {Education and Information Technologies},
  volume    = {23},
  pages     = {2737--2764},
  year      = {2018},
  publisher = {Springer}
}

@article{voglsperger2024lalr,
  title  = {LALR (1) Parser Table Generator},
  author = {Voglsperger, Alexander and Markus, Dipl-Ing Dr},
  year   = {2024}
}

@article{sasano2023text,
  title     = {A text-based syntax completion method using LR parsing and its evaluation},
  author    = {Sasano, Isao and Choi, Kwanghoon},
  journal   = {Science of Computer Programming},
  volume    = {228},
  pages     = {102957},
  year      = {2023},
  publisher = {Elsevier}
}

@article{10.1145/3002136,
  author     = {Jain, Aashi and Goyal, Archita and Chakraborty, Pinaki},
  title      = {PPVT: a tool to visualize predictive parsing},
  year       = {2017},
  issue_date = {March 2017},
  publisher  = {Association for Computing Machinery},
  address    = {New York, NY, USA},
  volume     = {8},
  number     = {1},
  issn       = {2153-2184},
  url        = {https://doi.org/10.1145/3002136},
  journal    = {ACM Inroads},
  month      = {2},
  pages      = {43–47},
  numpages   = {5}
}

@article{parr2011ll,
  title     = {LL (*) the foundation of the ANTLR parser generator},
  author    = {Parr, Terence and Fisher, Kathleen},
  journal   = {ACM Sigplan Notices},
  volume    = {46},
  number    = {6},
  pages     = {425--436},
  year      = {2011},
  publisher = {ACM New York, NY, USA}
}

@article{parr2014adaptive,
  title     = {Adaptive LL (*) parsing: the power of dynamic analysis},
  author    = {Parr, Terence and Harwell, Sam and Fisher, Kathleen},
  journal   = {ACM SIGPLAN Notices},
  volume    = {49},
  number    = {10},
  pages     = {579--598},
  year      = {2014},
  publisher = {ACM New York, NY, USA}
}

@online{ramotion,
  author     = {Ramotion},
  title      = {Web Application vs. Desktop Application: A Comparative Guide {\textbar} Ramotion Agency},
  url        = {https://www.ramotion.com/blog/web-application-vs-desktop-application/},
  shorttitle = {Web Application vs. Desktop Application},
  abstract   = {Comparing web applications vs. desktop applications: key differences, pros/cons, and a feature table to guide your choice.},
  titleaddon = {Web Design, {UI}/{UX}, Branding, and App Development Blog},
  urldate    = {2024-05-16},
  date       = {2024-03-04},
  langid     = {english}
}

@online{desai_web_2022,
  title      = {Web Application Vs Desktop Application: Pros and Cons},
  url        = {https://positiwise.com/blog/web-application-vs-desktop-application-pros-and-cons},
  shorttitle = {Web Application Vs Desktop Application},
  abstract   = {Web Application Vs Desktop Application: learn the key differences between them including strengths, weaknesses, and ideal use cases.},
  titleaddon = {Positiwise},
  author     = {Desai, Jemin},
  urldate    = {2024-05-16},
  date       = {2023-12-27},
  langid     = {american},
  file       = {Snapshot:C\:\\Users\\Fagner\\Zotero\\storage\\GW2DQAWM\\web-application-vs-desktop-application-pros-and-cons.html:text/html}
}

@inproceedings{holzer2012mobile,
  title     = {Mobile app development: Native or web?},
  author    = {Holzer, Adrian and Ondrus, Jan},
  booktitle = {Proc. Workshop eBus.(WeB)},
  year      = {2012}
}

@online{povo_ufc_2020,
  title      = {{UFC} abre inscrições para auxílio estudantil direcionado à compra de computador ou tablet},
  url        = {https://www.opovo.com.br/noticias/fortaleza/2020/07/31/ufc-abre-inscricoes-para-auxilio-estudantil-de-r--1-500-direcionado-a-compra-de-computador-ou-tablet.html},
  titleaddon = {O {POVO}},
  author     = {Oliveira, Lais},
  urldate    = {2024-05-16},
  date       = {2020-07-31},
  langid     = {portuguese}
}


@phdthesis{perez2023impact,
  title  = {The Impact of Lack of Internet and Technology Access on Students’ Academic Achievement: An Analysis of the United States},
  author = {Perez, Katin Yovany},
  year   = {2023},
  school = {Georgetown University}
}

@inproceedings{almeida2008vast,
  title     = {VAST: Visualization of abstract syntax trees within language processors courses},
  author    = {Almeida-Mart{\'\i}nez, Francisco J and Urquiza-Fuentes, Jaime and Vel{\'a}zquez-Iturbide, J {\'A}ngel},
  booktitle = {Proceedings of the 4th ACM symposium on Software visualization},
  pages     = {209--210},
  year      = {2008}
}

@inproceedings{kaplan2000cupv,
  title     = {CUPV—a visualization tool for generated parsers},
  author    = {Kaplan, Alan and Shoup, Denise},
  booktitle = {Proceedings of the thirty-first SIGCSE technical symposium on Computer science education},
  pages     = {11--15},
  year      = {2000}
}